@book{ferziger12,
  title={Computational methods for fluid dynamics},
  author={Ferziger, Joel H and Peric, Milovan},
  year={2012},
  publisher={Springer Science \& Business Media}
}

@article{sarrate01,
  title={Arbitrary Lagrangian--Eulerian formulation for fluid--rigid body interaction},
  author={Sarrate, Josep and Huerta, Antonio and Donea, Jean},
  journal={Computer Methods in Applied Mechanics and Engineering},
  volume={190},
  number={24},
  pages={3171--3188},
  year={2001},
  publisher={Elsevier}
}

@techreport{noh63,
  title={CEL: A time-dependent, two-space-dimensional, coupled Eulerian-Lagrange code},
  author={Noh, WF},
  year={1963},
  institution={Lawrence Radiation Lab., Univ. of California, Livermore}
}

@techreport{trulio66,
  title={Theory and Structure of the AFTON Codes, Report No. AFWL-TR-66-19},
  author={Trulio, John G},
  year={1963},
  institution={Kirtland Air Force Base, New Mexico}
}

@article{hirt74,
  title={An arbitrary Lagrangian-Eulerian computing method for all flow speeds},
  author={Hirt, CW and Amsden, Anthony A and Cook, JL},
  journal={Journal of Computational Physics},
  volume={14},
  number={3},
  pages={227--253},
  year={1974},
  publisher={Elsevier}
}

@book{hron06,
  title={A monolithic FEM/multigrid solver for an ALE formulation of fluid-structure interaction with applications in biomechanics},
  author={Hron, Jaroslav and Turek, Stefan},
  year={2006},
  publisher={Springer}
}

@article{letallec01,
  title={Fluid structure interaction with large structural displacements},
  author={Le Tallec, Patrick and Mouro, Jean},
  journal={Computer Methods in Applied Mechanics and Engineering},
  volume={190},
  number={24},
  pages={3039--3067},
  year={2001},
  publisher={Elsevier}
}

@article{souli00,
  title={ALE formulation for fluid--structure interaction problems},
  author={Souli, M and Ouahsine, A and Lewin, L},
  journal={Computer methods in applied mechanics and engineering},
  volume={190},
  number={5},
  pages={659--675},
  year={2000},
  publisher={Elsevier}
}

@article{farhat05,
  title={CFD on moving grids: from theory to realistic flutter, maneuvering, and multidisciplinary optimization},
  author={Farhat, Charbel},
  journal={International Journal of Computational Fluid Dynamics},
  volume={19},
  number={8},
  pages={595--603},
  year={2005},
  publisher={Taylor \& Francis}
}

@article{lo04,
  title={Arbitrary Lagrangian--Eulerian finite element analysis of free surface flow using a velocity--vorticity formulation},
  author={Lo, DC and Young, DL},
  journal={Journal of Computational Physics},
  volume={195},
  number={1},
  pages={175--201},
  year={2004},
  publisher={Elsevier}
}

@article{braess00,
  title={Arbitrary Lagrangian Eulerian finite element analysis of free surface flow},
  author={Braess, Henning and Wriggers, Peter},
  journal={Computer Methods in Applied Mechanics and Engineering},
  volume={190},
  number={1},
  pages={95--109},
  year={2000},
  publisher={Elsevier}
}

@article{nithiarasu05,
  title={An arbitrary Lagrangian Eulerian (ALE) formulation for free surface flows using the characteristic-based split (CBS) scheme},
  author={Nithiarasu, P},
  journal={International Journal for Numerical Methods in Fluids},
  volume={48},
  number={12},
  pages={1415--1428},
  year={2005},
  publisher={Wiley Online Library}
}